@article{BenNaim2001,
  doi = {10.1103/physrevlett.86.1414},
  url = {https://doi.org/10.1103/physrevlett.86.1414%7D},
  year = {2001},
  month = feb,
  publisher = {American Physical Society ({APS})},
  volume = {86},
  number = {8},
  pages = {1414--1417},
  author = {E. Ben-Naim and Z. A. Daya and P. Vorobieff and R. E. Ecke},
  title = {Knots and Random Walks in Vibrated Granular Chains},
  journal = {Physical Review Letters}
}

@article{Meluzzi2010,
  doi = {10.1146/annurev.biophys.093008.131412},
  url = {https://doi.org/10.1146/annurev.biophys.093008.131412},
  year = {2010},
  month = apr,
  publisher = {Annual Reviews},
  volume = {39},
  number = {1},
  pages = {349--366},
  author = {Dario Meluzzi and Douglas E. Smith and Gaurav Arya},
  title = {Biophysics of Knotting},
  journal = {Annual Review of Biophysics}
}